<?xml version='1.0' encoding='UTF-8'?>
<record xmlns="http://www.loc.gov/MARC21/slim">
  <leader>01088cam a2200277 a 4500</leader>
  <controlfield tag="001">1071917</controlfield>
  <controlfield tag="003">NjP</controlfield>
  <controlfield tag="005">20171030093815.0</controlfield>
  <controlfield tag="008">960724s1988    ir       b    000 0bara d</controlfield>
  <datafield tag="024" ind1="7" ind2=" ">
    <subfield code="a">princeton_aco002663</subfield>
    <subfield code="2">local</subfield>
  </datafield>
  <datafield ind1=" " ind2=" " tag="035">
    <subfield code="a">(OCoLC)35185530</subfield>
  </datafield>
  <datafield ind1=" " ind2=" " tag="035">
    <subfield code="a">(CStRLIN)NJPG96-B41057</subfield>
  </datafield>
  <datafield ind1=" " ind2=" " tag="035">
    <subfield code="9">CCF1148TS</subfield>
  </datafield>
  <datafield ind1=" " ind2=" " tag="040">
    <subfield code="a">NjP</subfield>
    <subfield code="c">NjP</subfield>
  </datafield>
  <datafield ind1="1" ind2=" " tag="041">
    <subfield code="a">ara</subfield>
    <subfield code="h">per</subfield>
  </datafield>
  <datafield ind1="0" ind2="0" tag="245">
    <subfield code="a">Sayyidat al-nisāʾ, Fāṭimah al-Zahrāʾ, ʻalayhā al-salām /</subfield>
    <subfield code="c">[al-muʾallif Lajnat al-Taḥrīr Fī Ṭarīq al-Ḥaqq].</subfield>
  </datafield>
  <datafield ind1=" " ind2=" " tag="250">
    <subfield code="a">al-Ṭabʻah 2.</subfield>
  </datafield>
  <datafield ind1=" " ind2=" " tag="260">
    <subfield code="a">Qum :</subfield>
    <subfield code="b">Muʾassasat Fī Ṭarīq al-Ḥaqq,</subfield>
    <subfield code="c">1409 [1988 or 1989]</subfield>
  </datafield>
  <datafield ind1=" " ind2=" " tag="300">
    <subfield code="a">47 p. ;</subfield>
    <subfield code="c">22 cm.</subfield>
  </datafield>
  <datafield ind1=" " ind2=" " tag="500">
    <subfield code="a">Cover title.</subfield>
  </datafield>
  <datafield ind1=" " ind2=" " tag="504">
    <subfield code="a">Includes bibliographical references.</subfield>
  </datafield>
  <datafield ind1=" " ind2=" " tag="500">
    <subfield code="a">Translated from the Persian.</subfield>
  </datafield>
  <datafield ind1="0" ind2="0" tag="600">
    <subfield code="a">Fāṭimah,</subfield>
    <subfield code="d">-632 or 633.</subfield>
    <subfield code="0">http://id.loc.gov/authorities/names/n82010587</subfield>
  </datafield>
  <datafield ind1=" " ind2="0" tag="650">
    <subfield code="a">Muslim women</subfield>
    <subfield code="x">Biography.</subfield>
    <subfield code="0">http://id.loc.gov/authorities/subjects/sh2008108147</subfield>
  </datafield>
  <datafield ind1="2" ind2=" " tag="710">
    <subfield code="a">Dar Rāh-i Ḥaqq (Institute).</subfield>
    <subfield code="b">Hayʾat-i Taḥrīrīyah.</subfield>
  </datafield>
  <datafield ind1=" " ind2=" " tag="998">
    <subfield code="a">07/24/96</subfield>
    <subfield code="s">9114</subfield>
    <subfield code="n">NjP</subfield>
    <subfield code="d">07/24/96</subfield>
    <subfield code="c">JEB</subfield>
    <subfield code="b">JEB</subfield>
    <subfield code="i">960724</subfield>
    <subfield code="l">NJPG</subfield>
  </datafield>
  <datafield ind1=" " ind2=" " tag="911">
    <subfield code="a">19960801</subfield>
  </datafield>
  <datafield ind1=" " ind2=" " tag="912">
    <subfield code="a">19960724000000.0</subfield>
  </datafield>
  <datafield ind1="0" ind2="0" tag="852">
    <subfield code="0">1233953</subfield>
    <subfield code="b">rcppa</subfield>
    <subfield code="t">1</subfield>
    <subfield code="h">BP80.F36</subfield>
    <subfield code="i">S299 1988</subfield>
    <subfield code="x">tr fr arab</subfield>
  </datafield>
  <datafield ind1=" " ind2=" " tag="959">
    <subfield code="a">2000-06-13 00:00:00 -0500</subfield>
  </datafield>
</record>
